@Conference{DM,
  author    = "Driedger, Jonathan and MÃ¼ller, Meinard",
  title     = "A Review of Time-Scale Modification of Music Signals",
  booktitle = "Proceedings of the International Conference on Digital Audio Effects (DAFx)",
  editor    = "Vesa Valimaki",
  year      = "2015"
}
